<?xml version="1.0" encoding="UTF-8"?><record xmlns="http://www.loc.gov/MARC21/slim" xmlns:cinclude="http://apache.org/cocoon/include/1.0" xmlns:zs="http://www.loc.gov/zing/srw/">
  <leader>01879cz  a2200241n  4500</leader>
  <controlfield tag="001">n  91121921 </controlfield>
  <controlfield tag="003">DLC</controlfield>
  <controlfield tag="005">20121011075012.0</controlfield>
  <controlfield tag="008">911203n| acannaabn          |a aaa     c</controlfield>
  <datafield tag="010" ind1=" " ind2=" ">
    <subfield code="a">n  91121921 </subfield>
  </datafield>
  <datafield tag="035" ind1=" " ind2=" ">
    <subfield code="a">(OCoLC)oca03077087</subfield>
  </datafield>
  <datafield tag="040" ind1=" " ind2=" ">
    <subfield code="a">TxU</subfield>
    <subfield code="b">eng</subfield>
    <subfield code="c">TxU</subfield>
    <subfield code="d">DLC</subfield>
    <subfield code="d">IEN</subfield>
  </datafield>
  <datafield tag="100" ind1="1" ind2=" ">
    <subfield code="a">Casas, Bartolomé de las,</subfield>
    <subfield code="d">1484-1566.</subfield>
    <subfield code="t">Apologética historia sumaria</subfield>
  </datafield>
  <datafield tag="400" ind1="1" ind2=" ">
    <subfield code="w">nnea</subfield>
    <subfield code="a">Casas, Bartolomé de las,</subfield>
    <subfield code="d">1474-1566.</subfield>
    <subfield code="t">Apologética historia sumaria</subfield>
  </datafield>
  <datafield tag="400" ind1="1" ind2=" ">
    <subfield code="a">Casas, Bartolomé de las,</subfield>
    <subfield code="d">1484-1566.</subfield>
    <subfield code="t">Apologética historia</subfield>
  </datafield>
  <datafield tag="400" ind1="1" ind2=" ">
    <subfield code="a">Casas, Bartolomé de las,</subfield>
    <subfield code="d">1484-1566.</subfield>
    <subfield code="t">Apologética historia sumaria quanto a las calidades, disposición, cielo, y suelo destas terras y condiciones naturales, políticas, repúblicas, maneras de vivir, e costumbres destas Indias occidentales y meridionales</subfield>
  </datafield>
  <datafield tag="400" ind1="1" ind2=" ">
    <subfield code="a">Casas, Bartolomé de las,</subfield>
    <subfield code="d">1484-1566.</subfield>
    <subfield code="t">Apologétic historia de las Indias</subfield>
  </datafield>
  <datafield tag="400" ind1="1" ind2=" ">
    <subfield code="a">Casas, Bartolomé de las,</subfield>
    <subfield code="d">1484-1566.</subfield>
    <subfield code="t">Historia apologética</subfield>
  </datafield>
  <datafield tag="400" ind1="1" ind2=" ">
    <subfield code="a">Casas, Bartolomé de las,</subfield>
    <subfield code="d">1484-1566.</subfield>
    <subfield code="t">Historia apologética de las Yndias occidentales</subfield>
  </datafield>
  <datafield tag="670" ind1=" " ind2=" ">
    <subfield code="a">Crónicas escogidas, 1988:</subfield>
    <subfield code="b">p. 7 (Apologética historia sumaria, de las Casas) p. 567 (Apologética historia)</subfield>
  </datafield>
  <datafield tag="670" ind1=" " ind2=" ">
    <subfield code="a">NUC pre-56, 1968-72</subfield>
    <subfield code="b">(hdg.: Casas, Bartolomé de las, Bp. of Chiapas, 1474-1566; title usages: Apologética historia de las Indias; Historia apologética de las Yndias occidentales; Apologética historia sumaria)</subfield>
  </datafield>
  <datafield tag="670" ind1=" " ind2=" ">
    <subfield code="a">Encic. univ. ilus.</subfield>
    <subfield code="b">(Las Casas, Bartolomé de; began writing Historia apologética in 1527; Apologética historia sumaria quanto a las calidades, disposición, cielo, y suelo destas terras y condiciones naturales, políticas, repúblicas, maneras de vivir, e costumbres destas Indias occidentales y meridionales (ms. at Acad. de la Hist. [Spain]))</subfield>
  </datafield>
  <datafield tag="670" ind1=" " ind2=" ">
    <subfield code="a">EB, 15th</subfield>
    <subfield code="b">(Las Casas, Bartolomé de; Historia apologética)</subfield>
  </datafield>
</record>